@misc{latex,
  title =        {the not so short introduction to LaTeX: or LaTeX in 157
                  minutes},
  url =          {https://tobi.oetiker.ch/lshort/lshort.pdf},
  author =       {tobias oetiker}
}
